<?xml version="1.0" encoding="utf-8"?>
<record xmlns="http://www.loc.gov/MARC21/slim" xmlns:xsi="http://www.w3.org/2001/XMLSchema-instance" xsi:schemaLocation="http://www.loc.gov/MARC21/slim http://www.loc.gov/standards/marcxml/schema/MARC21slim.xsd">
	<leader>     nam a22        4500</leader>
	<controlfield tag="001">002965625</controlfield>
	<controlfield tag="003">NNU</controlfield>
	<controlfield tag="006">m        d        </controlfield>
	<controlfield tag="007">cr cn |||m|||a</controlfield>
	<controlfield tag="008">160803m19151936ua abch o     000 0 arar </controlfield>
	<datafield ind1=" " ind2=" " tag="040">
		<subfield code="a">NNU</subfield>
		<subfield code="b">eng</subfield>
		<subfield code="e">rda</subfield>
		<subfield code="c">NNU</subfield>
	</datafield>
	<datafield ind1=" " ind2=" " tag="043">
		<subfield code="a">f-ua---</subfield>
		<subfield code="a">fl-----</subfield>
	</datafield>
	<datafield ind1=" " ind2="4" tag="050">
		<subfield code="a">DT74</subfield>
		<subfield code="b">.S3 1915</subfield>
	</datafield>
	<datafield ind1="1" ind2=" " tag="100">
		<subfield code="6">880-01</subfield>
		<subfield code="a">Sāmī, Amīn,</subfield>
		<subfield code="d">-1941.</subfield>
	</datafield>
	<datafield ind1="1" ind2="0" tag="245">
		<subfield code="6">880-02</subfield>
		<subfield code="a">Taqwīm al-Nīl,</subfield>
		<subfield code="b">wa-asmāʼ man tawallū amr Miṣr wa-muddat ḥukmihim ʻalayhā wa-mulāḥaẓāt taʼrīkhīyah ʻan aḥwāl al-khilāfah al-ʻāmmah wa-shuʼūn Miṣr al-khāṣṣah ʻan al-muddah al-munḥaṣarah bayna al-sanah al-ulá wa-sanat 1333 al-Hijrīyah 622-1915 Mīlādīyah)</subfield>
		<subfield code="c">li-wāḍiʻihi Amīn Sāmī. Muqaddimat al-kitāb [wa-3 ajzāʼ].</subfield>
	</datafield>
	<datafield ind1=" " ind2=" " tag="260">
		<subfield code="6">880-03</subfield>
		<subfield code="a">al-Qāhirah :</subfield>
		<subfield code="b">Maṭbaʻat al-Amīrīyah,</subfield>
		<subfield code="c">1916.</subfield>
	</datafield>
	<datafield ind1=" " ind2=" " tag="300">
		<subfield code="a">online resource (4 volumes in 6) :</subfield>
		<subfield code="b">illustrations, plates, portraits, folded color maps, diagrams, facsimiles, tables</subfield>
	</datafield>
	<datafield ind1=" " ind2=" " tag="336">
		<subfield code="a">text</subfield>
		<subfield code="2">rdacontent</subfield>
	</datafield>
	<datafield ind1=" " ind2=" " tag="337">
		<subfield code="a">computer</subfield>
		<subfield code="2">rdamedia</subfield>
	</datafield>
	<datafield ind1=" " ind2=" " tag="338">
		<subfield code="a">online resource</subfield>
		<subfield code="2">rdacarrier</subfield>
	</datafield>
	<datafield ind1=" " ind2=" " tag="500">
		<subfield code="a">Vol. 2-3 have imprint: al-Qāhirah, Maṭbaʻah Dār al-Kutub al-Miṣrīyah.</subfield>
	</datafield>
	<datafield ind1=" " ind2=" " tag="500">
		<subfield code="a">Accompanied by supplement: Mulḥaq taqwīm al-Nīl (6, 150 p. : ill., maps ; 32 cm.).</subfield>
	</datafield>
	<datafield ind1=" " ind2=" " tag="500">
		<subfield code="a">Part of the Arabic Collections Online (ACO) project, contributed by New York Univeristy Libraries.</subfield>
	</datafield>
	<datafield ind1="1" ind2=" " tag="505">
		<subfield code="a">[Juzʼ ghayr muraqqam] Muqaddimat al-kitāb. 1916 -- al-juzʼ 1. 622-1516. 1915 -- al-juzʼ 2. 1517-1848. 1932 -- al-juzʼ 3.: al-mujallad 1. 1848-1863. al-mujallad 2. 1863-1872. al-mujallad 3. 1873-1879. 1936.</subfield>
	</datafield>
	<datafield ind1=" " ind2=" " tag="533">
		<subfield code="a">Electronic reproduction.</subfield>
		<subfield code="b">New York, N.Y. :</subfield>
		<subfield code="c">New York University,</subfield>
		<subfield code="d">2016.</subfield>
		<subfield code="5">NNU</subfield>
	</datafield>
	<datafield ind1=" " ind2="0" tag="651">
		<subfield code="a">Egypt</subfield>
		<subfield code="x">History</subfield>
		<subfield code="v">Chronology.</subfield>
	</datafield>
	<datafield ind1=" " ind2="0" tag="650">
		<subfield code="a">Stream measurements</subfield>
		<subfield code="z">Nile River.</subfield>
	</datafield>
	<datafield ind1=" " ind2="7" tag="650">
		<subfield code="a">Stream measurements.</subfield>
		<subfield code="2">fast</subfield>
		<subfield code="0">(OCoLC)fst01134581</subfield>
	</datafield>
	<datafield ind1=" " ind2="7" tag="651">
		<subfield code="a">Egypt.</subfield>
		<subfield code="2">fast</subfield>
		<subfield code="0">(OCoLC)fst01208755</subfield>
	</datafield>
	<datafield ind1=" " ind2="7" tag="651">
		<subfield code="a">Nile River.</subfield>
		<subfield code="2">fast</subfield>
		<subfield code="0">(OCoLC)fst01242174</subfield>
	</datafield>
	<datafield ind1=" " ind2="7" tag="655">
		<subfield code="a">Chronologies.</subfield>
		<subfield code="2">fast</subfield>
		<subfield code="0">(OCoLC)fst01423901</subfield>
	</datafield>
	<datafield ind1=" " ind2="7" tag="655">
		<subfield code="a">History.</subfield>
		<subfield code="2">fast</subfield>
		<subfield code="0">(OCoLC)fst01411628</subfield>
	</datafield>
	<datafield ind1="2" ind2=" " tag="710">
		<subfield code="a">New York University.</subfield>
		<subfield code="b">Libraries.</subfield>
	</datafield>
	<datafield ind1="0" ind2=" " tag="730">
		<subfield code="a">Arabic Collections Online.</subfield>
	</datafield>
	<datafield ind1="0" ind2="2" tag="740">
		<subfield code="6">880-04</subfield>
		<subfield code="a">Mulḥaq taqwīm al-Nīl.</subfield>
	</datafield>
	<datafield ind1="0" ind2="8" tag="776">
		<subfield code="i">Online version:</subfield>
		<subfield code="a">Sāmī, Amīn, -1941.</subfield>
		<subfield code="t">Taqwīm al-Nīl.</subfield>
		<subfield code="d">al-Qāhirah, Maṭbaʻat al-Amīrīyah, 1334 [ḥaqīqatan 1333]-1355/1916 [ḥaqīqatan 1915]-1936 [1915-1936]</subfield>
		<subfield code="w">(OCoLC)551698983</subfield>
	</datafield>
	<datafield ind1="0" ind2="8" tag="776">
		<subfield code="i">Online version:</subfield>
		<subfield code="a">Sāmī, Amīn, -1941.</subfield>
		<subfield code="t">Taqwīm al-Nīl.</subfield>
		<subfield code="d">al-Qāhirah, Maṭbaʻat al-Amīrīyah, 1334 [ḥaqīqatan 1333]-1355/1916 [ḥaqīqatan 1915]-1936 [1915-1936]</subfield>
		<subfield code="w">(OCoLC)607681843</subfield>
	</datafield>
	<datafield ind1="0" ind2="8" tag="776">
		<subfield code="i">Print version:</subfield>
		<subfield code="a">Sāmī, Amīn, -1941.</subfield>
		<subfield code="t">Taqwīm al-Nīl</subfield>
		<subfield code="w">(NNU)002965625</subfield>
		<subfield code="w">(DLC)   59054791</subfield>
	</datafield>
	<datafield ind1="4" ind2="0" tag="856">
		<subfield code="u">http://hdl.handle.net/2333.1/2z34tqxv</subfield>
	</datafield>
	<datafield ind1="1" ind2=" " tag="880">
		<subfield code="6">100-01/</subfield>
		<subfield code="a">سامى، أمين،</subfield>
		<subfield code="d">-1941.</subfield>
	</datafield>
	<datafield ind1="1" ind2="0" tag="880">
		<subfield code="6">245-02/</subfield>
		<subfield code="a">تقويم النيل وأسماء من تولوا أمر مصر ومدة حكمهم عليها وملاحظات تاريخية عن أحوال الخلافة العامة وشؤن مصر الخاصة /</subfield>
		<subfield code="c">لواضعه أمين سامى باشا.</subfield>
	</datafield>
	<datafield ind1=" " ind2=" " tag="880">
		<subfield code="6">260-03/</subfield>
		<subfield code="a">القاهرة :</subfield>
		<subfield code="b">مطبعة الاميرية،</subfield>
		<subfield code="c">1916.</subfield>
	</datafield>
	<datafield ind1="0" ind2=" " tag="880">
		<subfield code="6">740-04/</subfield>
		<subfield code="a">ملحق تقويم النيل.</subfield>
	</datafield>
	<datafield ind1=" " ind2=" " tag="959">
		<subfield code="a">NNU</subfield>
		<subfield code="b">WEB</subfield>
		<subfield code="c">GENI</subfield>
		<subfield code="t">0</subfield>
		<subfield code="m">Electronic access</subfield>
		<subfield code="s">01</subfield>
	</datafield>
	<datafield ind1=" " ind2=" " tag="999">
		<subfield code="i">NNU_002965625</subfield>
		<subfield code="s">nyu_aco001800:v.1</subfield>
		<subfield code="s">nyu_aco001801:v.2</subfield>
	</datafield>
</record>
